<record><leader>00000cas a2200000 a 4500</leader><controlfield tag="001">11040152</controlfield><controlfield tag="008">840810d18871889fluwr ne      0    0eng c</controlfield><datafield ind1=" " ind2=" " tag="010"><subfield code="a">sn 95026760 </subfield></datafield><datafield ind1=" " ind2=" " tag="040"><subfield code="a">FDA</subfield><subfield code="b">eng</subfield><subfield code="c">FDA</subfield><subfield code="d">FUG</subfield><subfield code="d">OCLCQ</subfield><subfield code="d">OCLCF</subfield><subfield code="d">OCLCO</subfield></datafield><datafield ind1=" " ind2=" " tag="012"><subfield code="i">9510</subfield></datafield><datafield ind1="1" ind2=" " tag="029"><subfield code="a">AU@</subfield><subfield code="b">000012499646</subfield></datafield><datafield ind1=" " ind2=" " tag="042"><subfield code="a">pcc</subfield></datafield><datafield ind1=" " ind2=" " tag="043"><subfield code="a">n-us-fl</subfield></datafield><datafield ind1=" " ind2=" " tag="090"><subfield code="a">S1</subfield><subfield code="b">.F57 **</subfield></datafield><datafield ind1="0" ind2=" " tag="130"><subfield code="a">Florida farmer &amp; fruit grower (Jacksonville, Fla. : 1887)</subfield></datafield><datafield ind1="1" ind2="0" tag="245"><subfield code="a">Florida farmer &amp; fruit grower.</subfield></datafield><datafield ind1="3" ind2=" " tag="246"><subfield code="a">Florida farmer and fruit grower</subfield></datafield><datafield ind1=" " ind2=" " tag="260"><subfield code="a">Jacksonville, Fla. :</subfield><subfield code="b">C.H. Jones &amp; Brother,</subfield><subfield code="c">1887-1889.</subfield></datafield><datafield ind1=" " ind2=" " tag="300"><subfield code="a">3 v. :</subfield><subfield code="b">ill. ;</subfield><subfield code="c">50 cm.</subfield></datafield><datafield ind1=" " ind2=" " tag="310"><subfield code="a">Weekly</subfield></datafield><datafield ind1="0" ind2=" " tag="362"><subfield code="a">Vol. 1, no. 1 (Jan. 5, 1887)-v. 3, no. 3 (Jan. 16, 1889).</subfield></datafield><datafield ind1=" " ind2=" " tag="500"><subfield code="a">A.H. Curtiss, editor.</subfield></datafield><datafield ind1=" " ind2="0" tag="650"><subfield code="a">Agriculture</subfield><subfield code="z">Florida.</subfield></datafield><datafield ind1=" " ind2="0" tag="651"><subfield code="a">Jacksonville (Fla.)</subfield><subfield code="v">Newspapers.</subfield></datafield><datafield ind1=" " ind2="0" tag="651"><subfield code="a">Duval County (Fla.)</subfield><subfield code="v">Newspapers.</subfield></datafield><datafield ind1=" " ind2="7" tag="655"><subfield code="a">Newspapers.</subfield><subfield code="2">fast</subfield><subfield code="0">(OCoLC)fst01423814</subfield></datafield><datafield ind1=" " ind2="7" tag="650"><subfield code="a">Agriculture.</subfield><subfield code="2">fast</subfield><subfield code="0">(OCoLC)fst00801355</subfield></datafield><datafield ind1=" " ind2="7" tag="651"><subfield code="a">Florida.</subfield><subfield code="2">fast</subfield><subfield code="0">(OCoLC)fst01205150</subfield></datafield><datafield ind1=" " ind2="7" tag="651"><subfield code="a">Florida</subfield><subfield code="z">Duval County.</subfield><subfield code="2">fast</subfield><subfield code="0">(OCoLC)fst01205260</subfield></datafield><datafield ind1=" " ind2="7" tag="651"><subfield code="a">Florida</subfield><subfield code="z">Jacksonville.</subfield><subfield code="2">fast</subfield><subfield code="0">(OCoLC)fst01205259</subfield></datafield><datafield ind1="0" ind2="7" tag="785"><subfield code="t">Florida dispatch (Live Oak, Fla.)</subfield><subfield code="w">(DLC)sn 95026759</subfield><subfield code="w">(OCoLC)1386590</subfield></datafield><datafield ind1="0" ind2="7" tag="785"><subfield code="t">Florida dispatch and farmer and fruit grower</subfield><subfield code="w">(DLC)sn 95026762</subfield><subfield code="w">(OCoLC)8331021</subfield></datafield><datafield ind1=" " ind2=" " tag="850"><subfield code="a">FU</subfield></datafield></record>